@Unpublished{graph_pdf,
   author = {Assefaw Gebremedhin},
   title = {Graph Coloring in Parallel Processing and Scientific Computing},
   note = {\url{http://cscapes.cs.purdue.edu/pub/gebremedhin_coloring-cscapes08.pdf}},
   year = {2008}}
}

@Unpublished{Kenney,
author = {Ilse Ipsen},
title = {A Matrix-Free, Transpose-Free Norm Estimator},
note = {\url{http://www4.ncsu.edu/~ipsen/ps/slides_ima.pdf}}
}

@Unpublished{Zoltan,
   author = {Erik Boman and Karen Devine and Lee Ann Fisk and Robert Heaphy and Bruce Hendrickson and Vitus Leung and Courtenay Vaughan and Umit Catalyurek and Doruk Bozdag and William Mitchell},
   title = {{Zoltan} home page},
   note = {\url{http://www.cs.sandia.gov/Zoltan}},
   year = {1999}}
}
@techreport{Trilinos,
title = "{An Overview of Trilinos}",
author = "Michael Heroux and Roscoe Bartlett and Vicki Howle Robert Hoekstra and Jonathan Hu and Tamara Kolda and Richard Lehoucq and Kevin Long and Roger Pawlowski and Eric Phipps and Andrew Salinger and Heidi Thornquist and Ray Tuminaro and James Willenbring and Alan Williams ",
institution = "Sandia National Laboratories",
number = "SAND2003-2927",
year = 2003}

@Inbook{graph_coloring,
author="Bozda{\u{g}}, Doruk
and Catalyurek, Umit
and Gebremedhin, Assefaw H.
and Manne, Fredrik
and Boman, Erik G.
and {\"O}zg{\"u}ner, F{\"u}sun",
title="A Parallel Distance-2 Graph Coloring Algorithm for Distributed Memory Computers",
bookTitle="High Performance Computing and Communications: First International Conference, HPCC 2005, Sorrento, Italy, September 21-23, 2005. Proceedings",
year="2005",
publisher="Springer Berlin Heidelberg",
address="Berlin, Heidelberg",
pages="796--806",
isbn="978-3-540-32079-1",
doi="10.1007/11557654_90",
url="https://doi.org/10.1007/11557654_90"
}

@article{Waffles,
	author={Gashler, Michael S.},
	title={Waffles: A Machine Learning Toolkit},
	journal={Journal of Machine Learning Research},
	volume={MLOSS 12},
	pages={2383--2387},
	month={July},
	year={2011},
	issn={1532-4435},
	publisher={JMLR.org and Microtome Publishing},
	url={http://www.jmlr.org/papers/volume12/gashler11a/gashler11a.pdf}
}